<?xml version="1.0" encoding="UTF-8"?><collection xmlns="http://www.loc.gov/MARC21/slim"><record><leader>00405nam--2200145-i-4500</leader><controlfield tag="001">000005643</controlfield><controlfield tag="002">20161230</controlfield><controlfield tag="005">20170112001919</controlfield><controlfield tag="008">060222s1000------------r-----000-0-eng-d</controlfield><datafield ind1=" " ind2=" " tag="100"><subfield code="a">Cook, G.A</subfield></datafield><datafield ind1=" " ind2=" " tag="245"><subfield code="a">Argon, helium and the rare gases. The elements og the helium group</subfield></datafield><datafield ind1=" " ind2=" " tag="260"><subfield code="a">New York</subfield><subfield code="b">Interscience Publishers</subfield><subfield code="c">1961</subfield></datafield><datafield ind1=" " ind2=" " tag="300"><subfield code="a">XXII + 818 (I)</subfield></datafield><datafield ind1=" " ind2=" " tag="852"><subfield code="a">16823</subfield></datafield><datafield ind1=" " ind2=" " tag="CAT"><subfield code="a">SYS</subfield><subfield code="c">20170112</subfield><subfield code="h">001919</subfield></datafield></record></collection>